

@article{Giles2015,
  title = {Multilevel {{Monte Carlo}} Methods},
  volume = {24},
  issn = {0962-4929, 1474-0508},
  doi = {10.1017/S096249291500001X},
  language = {en},
  journal = {Acta Numerica},
  author = {Giles, Michael B.},
  month = may,
  year = {2015},
  pages = {259-328},
}


@article{Giles2008,
  title = {Multilevel {{Monte Carlo Path Simulation}}},
  volume = {56},
  issn = {0030-364X, 1526-5463},
  doi = {10.1287/opre.1070.0496},
  language = {en},
  number = {3},
  journal = {Operations Research},
  author = {Giles, Michael B.},
  month = jun,
  year = {2008},
  pages = {607-617}
}


@book{Evans1998,
  title = {Partial {{Differential Equations}}},
  isbn = {978-0-8218-0772-9},
  language = {en},
  publisher = {{American Mathematical Society}},
  author = {Evans, Lawrence C.},
  year = {1998},
  keywords = {Mathematics / Differential Equations / General}
}




@article{Barth2011a,
  title = {Multi-Level {{Monte Carlo Finite Element}} Method for Elliptic {{PDEs}} with Stochastic Coefficients},
  volume = {119},
  issn = {0945-3245},
  doi = {10.1007/s00211-011-0377-0},
  language = {en},
  number = {1},
  journal = {Numerische Mathematik},
  author = {Barth, Andrea and Schwab, Christoph and Zollinger, Nathaniel},
  month = sep,
  year = {2011},
  keywords = {65N30},
  pages = {123-161}
}

@article{Cliffe2011a,
  title = {Multilevel {{Monte Carlo}} Methods and Applications to Elliptic {{PDEs}} with Random Coefficients},
  volume = {14},
  issn = {1433-0369},
  doi = {10.1007/s00791-011-0160-x},
  language = {en},
  number = {1},
  journal = {Computing and Visualization in Science},
  author = {Cliffe, K. A. and Giles, M. B. and Scheichl, R. and Teckentrup, A. L.},
  month = aug,
  year = {2011},
  keywords = {Monte Carlo,Multilevel,Stochastic PDE},
  pages = {3}
}


@article{Abdulle2013,
  title = {Multilevel {{Monte Carlo Methods}} for {{Stochastic Elliptic Multiscale PDEs}}},
  volume = {11},
  issn = {1540-3459},
  doi = {10.1137/120894725},
  number = {4},
  journal = {Multiscale Modeling \& Simulation},
  author = {Abdulle, A. and Barth, A. and Schwab, C.},
  month = jan,
  year = {2013},
  pages = {1033-1070}
}



@article{Barth2013,
  title = {Multilevel {{Monte Carlo}} Method for Parabolic Stochastic Partial Differential Equations},
  volume = {53},
  issn = {1572-9125},
  doi = {10.1007/s10543-012-0401-5},
  language = {en},
  number = {1},
  journal = {BIT Numerical Mathematics},
  author = {Barth, Andrea and Lang, Annika and Schwab, Christoph},
  month = mar,
  year = {2013},
  keywords = {41A25,60H15,60H35,65C05,65C30,65N30,Multilevel approximations,Multilevel Monte Carlo,Stochastic Finite Element Methods,Stochastic parabolic equation,Stochastic partial differential equations},
  pages = {3-27}
}




@article{Graham2015,
  title = {Quasi-{{Monte Carlo}} Finite Element Methods for Elliptic {{PDEs}} with Lognormal Random Coefficients},
  volume = {131},
  issn = {0945-3245},
  doi = {10.1007/s00211-014-0689-y},
  language = {en},
  number = {2},
  journal = {Numerische Mathematik},
  author = {Graham, I. G. and Kuo, F. Y. and Nichols, J. A. and Scheichl, R. and Schwab, Ch. and Sloan, I. H.},
  month = oct,
  year = {2015},
  keywords = {65N30,65D30,65D32},
  pages = {329-368}
}







@article{Barron1991,
  title = {Approximation of {{Density Functions}} by {{Sequences}} of {{Exponential Families}}},
  volume = {19},
  issn = {0090-5364, 2168-8966},
  doi = {10.1214/aos/1176348252},
  language = {EN},
  number = {3},
  journal = {The Annals of Statistics},
  author = {Barron, Andrew R. and Sheu, Chyong-Hwa},
  month = sep,
  year = {1991},
  keywords = {$L_2$ approximation,exponential families,Kullback-Leibler number,Log-density estimation,minimum relative entropy estimation},
  pages = {1347-1369}
}



@article{Bierig2016a,
  title = {Approximation of Probability Density Functions by the {{Multilevel Monte Carlo Maximum Entropy}} Method},
  volume = {314},
  issn = {0021-9991},
  doi = {10.1016/j.jcp.2016.03.027},
  journal = {Journal of Computational Physics},
  author = {Bierig, Claudio and Chernov, Alexey},
  month = jun,
  year = {2016},
  keywords = {Kullback–Leibler divergence,Maximum Entropy method,Moment matching,Multilevel Monte Carlo method,Statistical moments},
  pages = {661-681}
}



@article{Muller2013,
  title = {Multilevel {{Monte Carlo}} for Two Phase Flow and {{Buckley}}\textendash{{Leverett}} Transport in Random Heterogeneous Porous Media},
  volume = {250},
  issn = {0021-9991},
  doi = {10.1016/j.jcp.2013.03.023},
  journal = {Journal of Computational Physics},
  author = {M\"uller, Florian and Jenny, Patrick and Meyer, Daniel W.},
  month = oct,
  year = {2013},
  keywords = {Multilevel Monte Carlo,Random heterogeneous porous media,Streamline solver,Two phase flow,Two phase transport},
  pages = {685-702}
}



@article{Lu2016,
  title = {An Improved Multilevel {{Monte Carlo}} Method for Estimating Probability Distribution Functions in Stochastic Oil Reservoir Simulations},
  volume = {52},
  copyright = {\textcopyright{} 2016. American Geophysical Union. All Rights Reserved.},
  issn = {1944-7973},
  doi = {10.1002/2016WR019475},
  language = {en},
  number = {12},
  journal = {Water Resources Research},
  author = {Lu, Dan and Zhang, Guannan and Webster, Clayton and Barbier, Charlotte},
  month = dec,
  year = {2016},
  keywords = {computational efficiency,multilevel Monte Carlo method,oil reservoir simulation,uncertainty quantification},
  pages = {9642-9660}
}



@article{Hesse2014,
  title = {Generating Random Fields with a Truncated Power-Law Variogram: {{A}}~Comparison of Several Numerical Methods},
  volume = {55},
  issn = {1364-8152},
  shorttitle = {Generating Random Fields with a Truncated Power-Law Variogram},
  doi = {10.1016/j.envsoft.2014.01.013},
  journal = {Environmental Modelling \& Software},
  author = {He\ss{}e, Falk and Prykhodko, Vladyslav and Schl\"uter, Steffen and Attinger, Sabine},
  month = may,
  year = {2014},
  keywords = {Connectivity,Fractal fields,Hierarchical fields,Numerical methods,Random fields,Truncated power law,Variogram function},
  pages = {32-48}
}





@Misc{flow123d,
author =   {B{\v r}ezina, Jan and Stebel, Jan and Exner, Pavel and Hyb{\v s}, Jan},
title =    {Flow123d},
howpublished = {\url{http://flow123d.github.com}, repository: \url{http://github.com/flow123d/flow123d}},
year = {2011--2016}
}


@incollection{brezina_analysis_2015,
        title = {Analysis of Model Error for a Continuum-Fracture Model of Porous Media Flow},
        isbn = {978-3-319-40360-1 978-3-319-40361-8},
        COMMENTurl = {http://link.springer.com/chapter/10.1007/978-3-319-40361-8_11},
        series = {Lecture Notes in Computer Science},
        pages = {152--160},
        number = {9611},
        booktitle = {High Performance Computing in Science and Engineering},
        publisher = {Springer International Publishing},
        author = {B{\v r}ezina, Jan and Stebel, Jan},
        COMMENTeditor = {Kozubek, Tomáš and Blaheta, Radim and Šístek, Jakub and Rozložník, Miroslav and Čermák, Martin},
        urldate = {2016-06-03},
        date = {2015-05-25},
        year = {2015},
        langid = {english},
        COMMENTnote = {{doi}: 10.1007/978-3-319-40361-8\_11},
        doi = {10.1007/978-3-319-40361-8\_11},
        keywords = {Artificial Intelligence (incl. Robotics), Complexity, Computational Mathematics and Numerical Analysis, Darcy flow, Error estimate, Fractured media, Mathematics of Computing, Reduced model, Software Engineering/Programming and Operating Systems}
}


@article{martin_modeling_2005,
        title = {Modeling Fractures and Barriers as Interfaces for Flow in Porous Media},
        volume = {26},
        issn = {10648275},
        COMMENTurl = {http://link.aip.org/link/SJOCE3/v26/i5/p1667/s1&Agg=doi},
        doi = {10.1137/S1064827503429363},
        pages = {1667--1691},
        number = {5},
        journal = {{SIAM} Journal on Scientific Computing},
        author = {Martin, Vincent and Jaffr{\' e}, J{\' e}ro\{{\textbackslash}textasciicircum\}me and Roberts, Jean E.},
        urldate = {2012-04-18},
        year = {2005},
        file = {MARTIN, JAFFRE, ROBERTS (2005) MODELING FRACTURES AND BARRIERS AS INTERFACES FOR FLOW IN POROUS MEDIA.pdf:/home/jb/Knihovna/Papers - new/Physics/Fracture flow and transport/MARTIN, JAFFRE, ROBERTS (2005) MODELING FRACTURES AND BARRIERS AS INTERFACES FOR FLOW IN POROUS MEDIA.pdf:application/pdf}
}


@book{knuth_art_1998,
        location = {Redwood City, {CA}, {USA}},
        title = {The Art of Computer Programming, Volume 3: (2Nd Ed.) Sorting and Searching},
        isbn = {978-0-201-89685-5},
        shorttitle = {The Art of Computer Programming, Volume 3},
        publisher = {Addison Wesley Longman Publishing Co., Inc.},
        author = {Knuth, Donald E.},
        year = {1998}
}



